<record><leader>00000cas a22000007a 4500</leader><controlfield tag="001">35710042</controlfield><controlfield tag="008">961010d19011910okudn n       0    0eng d</controlfield><datafield ind1=" " ind2=" " tag="010"><subfield code="a">sn 96093064 </subfield></datafield><datafield ind1=" " ind2=" " tag="040"><subfield code="a">OBN</subfield><subfield code="b">eng</subfield><subfield code="c">OBN</subfield><subfield code="d">OCLCQ</subfield><subfield code="d">DLC</subfield><subfield code="d">OCLCQ</subfield><subfield code="d">OCLCO</subfield></datafield><datafield ind1="1" ind2=" " tag="029"><subfield code="a">AU@</subfield><subfield code="b">000012911307</subfield></datafield><datafield ind1=" " ind2=" " tag="042"><subfield code="a">msc</subfield></datafield><datafield ind1=" " ind2=" " tag="043"><subfield code="a">n-us-ok</subfield></datafield><datafield ind1="0" ind2="4" tag="245"><subfield code="a">The Durant daily news.</subfield></datafield><datafield ind1=" " ind2=" " tag="260"><subfield code="a">Durant, Choctaw Nation, Indian Territory [Okla.] :</subfield><subfield code="b">Lewis Paullin</subfield></datafield><datafield ind1=" " ind2=" " tag="300"><subfield code="a">v.</subfield></datafield><datafield ind1=" " ind2=" " tag="310"><subfield code="a">Daily (except Sat.)</subfield></datafield><datafield ind1="1" ind2=" " tag="362"><subfield code="a">Began in 1901; ceased in 1910.</subfield></datafield><datafield ind1=" " ind2=" " tag="588"><subfield code="a">Description based on: Vol. 4, no. 253 (June 6, 1905).</subfield></datafield><datafield ind1=" " ind2="0" tag="651"><subfield code="a">Durant (Okla.)</subfield><subfield code="v">Newspapers.</subfield></datafield><datafield ind1=" " ind2="0" tag="651"><subfield code="a">Indian Territory</subfield><subfield code="v">Newspapers.</subfield></datafield><datafield ind1=" " ind2="0" tag="651"><subfield code="a">Choctaw Nation (Okla.)</subfield><subfield code="v">Newspapers.</subfield></datafield><datafield ind1=" " ind2="0" tag="651"><subfield code="a">Bryan County (Okla.)</subfield><subfield code="v">Newspapers.</subfield></datafield><datafield ind1="0" ind2=" " tag="775"><subfield code="t">Durant weekly news (Durant, Okla. : 1904)</subfield><subfield code="x">2163-8012</subfield><subfield code="w">(DLC)sn 96093062</subfield><subfield code="w">(OCoLC)35709904</subfield></datafield><datafield ind1="0" ind2="0" tag="785"><subfield code="t">Durant daily democrat</subfield><subfield code="w">(DLC)sn 96093063</subfield><subfield code="w">(OCoLC)23715706</subfield></datafield></record>